\RequirePackage{filecontents}
\begin{filecontents*}{\jobname.bib}
@inbook{E031.1,
  author    = {{Norma E.031}},
  booktitle = {AISLAMIENTO SÍSMICO},
  publisher = {Diario oficial El Peruano},
  title     = {Artículo 20.- Desplazamientos laterales considerados para el diseño},
  pages     = {74},
  year      = {2019},
  address   = {Perú}
}
@inbook{E031.2,
  author    = {{Norma E.031}},
  booktitle = {AISLAMIENTO SÍSMICO},
  publisher = {Diario oficial El Peruano},
  title     = {Artículo 14.- Espectro de diseño},
  pages     = {73},
  year      = {2019},
  address   = {Perú}
}
@inbook{E031.3,
  author    = {{Norma E.031}},
  booktitle = {AISLAMIENTO SÍSMICO},
  publisher = {Diario oficial El Peruano},
  title     = {Artículo 26.- Fuerzas y desplazamientos laterales
mínimos},
  pages     = {77},
  year      = {2019},
  address   = {Perú}
}
@inbook{E031.4,
  author    = {{Norma E.031}},
  booktitle = {AISLAMIENTO SÍSMICO},
  publisher = {Diario oficial El Peruano},
  title     = {Apartado 20.3.- Desplazamiento total},
  pages     = {75},
  year      = {2019},
  address   = {Perú}
}
@inbook{E031.5,
  author    = {{Norma E.031}},
  booktitle = {AISLAMIENTO SÍSMICO},
  publisher = {Diario oficial El Peruano},
  title     = {Apartado 21.1.- Sistema de aislamiento sísmico y elementos estructurales bajo el nivel de base},
  pages     = {75},
  year      = {2019},
  address   = {Perú}
}
@inbook{E031.6,
  author    = {{Norma E.031}},
  booktitle = {AISLAMIENTO SÍSMICO},
  publisher = {Diario oficial El Peruano},
  title     = {Apartado 21.2.- Elementos estructurales sobre el nivel de base},
  pages     = {76},
  year      = {2019},
  address   = {Perú}
}
@inbook{E031.7,
  author    = {{Norma E.031}},
  booktitle = {AISLAMIENTO SÍSMICO},
  publisher = {Diario oficial El Peruano},
  title     = {Artículo 15.- Registros de aceleración del suelo},
  pages     = {73},
  year      = {2019},
  address   = {Perú}
}

\end{filecontents*}